%YAML 1.1
%TAG !u! tag:unity3d.com,2011:
--- !u!1 &3366088938248567763
GameObject:
  m_ObjectHideFlags: 0
  m_CorrespondingSourceObject: {fileID: 0}
  m_PrefabInstance: {fileID: 0}
  m_PrefabAsset: {fileID: 0}
  serializedVersion: 6
  m_Component:
  - component: {fileID: 3366088938248567761}
  - component: {fileID: 3366088938248567760}
  m_Layer: 0
  m_Name: Directional Light
  m_TagString: Untagged
  m_Icon: {fileID: 0}
  m_NavMeshLayer: 0
  m_StaticEditorFlags: 0
  m_IsActive: 1
--- !u!4 &3366088938248567761
Transform:
  m_ObjectHideFlags: 0
  m_CorrespondingSourceObject: {fileID: 0}
  m_PrefabInstance: {fileID: 0}
  m_PrefabAsset: {fileID: 0}
  m_GameObject: {fileID: 3366088938248567763}
  m_LocalRotation: {x: 0.29883623, y: 0.64085644, z: -0.29883623, w: 0.64085644}
  m_LocalPosition: {x: 0, y: 718.1, z: 0}
  m_LocalScale: {x: 0.83333325, y: 0.99497426, z: 0.83835876}
  m_Children: []
  m_Father: {fileID: 8899601416090548511}
  m_RootOrder: 0
  m_LocalEulerAnglesHint: {x: 50, y: 90, z: 0}
--- !u!108 &3366088938248567760
Light:
  m_ObjectHideFlags: 0
  m_CorrespondingSourceObject: {fileID: 0}
  m_PrefabInstance: {fileID: 0}
  m_PrefabAsset: {fileID: 0}
  m_GameObject: {fileID: 3366088938248567763}
  m_Enabled: 1
  serializedVersion: 10
  m_Type: 1
  m_Shape: 0
  m_Color: {r: 1, g: 0.95686275, b: 0.8392157, a: 1}
  m_Intensity: 1.3
  m_Range: 10
  m_SpotAngle: 30
  m_InnerSpotAngle: 21.80208
  m_CookieSize: 10
  m_Shadows:
    m_Type: 2
    m_Resolution: 1
    m_CustomResolution: -1
    m_Strength: 0.7
    m_Bias: 0.3
    m_NormalBias: 0.1
    m_NearPlane: 0.2
    m_CullingMatrixOverride:
      e00: 1
      e01: 0
      e02: 0
      e03: 0
      e10: 0
      e11: 1
      e12: 0
      e13: 0
      e20: 0
      e21: 0
      e22: 1
      e23: 0
      e30: 0
      e31: 0
      e32: 0
      e33: 1
    m_UseCullingMatrixOverride: 0
  m_Cookie: {fileID: 0}
  m_DrawHalo: 0
  m_Flare: {fileID: 0}
  m_RenderMode: 1
  m_CullingMask:
    serializedVersion: 2
    m_Bits: 4294967295
  m_RenderingLayerMask: 1
  m_Lightmapping: 4
  m_LightShadowCasterMode: 0
  m_AreaSize: {x: 1, y: 1}
  m_BounceIntensity: 1
  m_ColorTemperature: 6570
  m_UseColorTemperature: 0
  m_BoundingSphereOverride: {x: 0, y: 0, z: 0, w: 0}
  m_UseBoundingSphereOverride: 0
  m_ShadowRadius: 0
  m_ShadowAngle: 0
--- !u!1 &3366088938375611532
GameObject:
  m_ObjectHideFlags: 0
  m_CorrespondingSourceObject: {fileID: 0}
  m_PrefabInstance: {fileID: 0}
  m_PrefabAsset: {fileID: 0}
  serializedVersion: 6
  m_Component:
  - component: {fileID: 3366088938375611533}
  - component: {fileID: 3366088938375611546}
  - component: {fileID: 3366088938375611525}
  - component: {fileID: 3366088938375611524}
  - component: {fileID: 3366088938375611521}
  - component: {fileID: 3366088938375611547}
  - component: {fileID: 3366088938375611523}
  - component: {fileID: 3366088938375611522}
  - component: {fileID: 3366088938375611520}
  m_Layer: 0
  m_Name: Main Camera
  m_TagString: MainCamera
  m_Icon: {fileID: 0}
  m_NavMeshLayer: 0
  m_StaticEditorFlags: 0
  m_IsActive: 1
--- !u!4 &3366088938375611533
Transform:
  m_ObjectHideFlags: 0
  m_CorrespondingSourceObject: {fileID: 0}
  m_PrefabInstance: {fileID: 0}
  m_PrefabAsset: {fileID: 0}
  m_GameObject: {fileID: 3366088938375611532}
  m_LocalRotation: {x: -0.14780933, y: 0, z: 0, w: 0.9890159}
  m_LocalPosition: {x: 0, y: 3.4, z: -20}
  m_LocalScale: {x: 1, y: 1, z: 1}
  m_Children: []
  m_Father: {fileID: 3366088939032584202}
  m_RootOrder: 0
  m_LocalEulerAnglesHint: {x: -17, y: 0, z: 0}
--- !u!20 &3366088938375611546
Camera:
  m_ObjectHideFlags: 0
  m_CorrespondingSourceObject: {fileID: 0}
  m_PrefabInstance: {fileID: 0}
  m_PrefabAsset: {fileID: 0}
  m_GameObject: {fileID: 3366088938375611532}
  m_Enabled: 1
  serializedVersion: 2
  m_ClearFlags: 2
  m_BackGroundColor: {r: 0.5294118, g: 0.47843137, b: 0.39607844, a: 1}
  m_projectionMatrixMode: 1
  m_GateFitMode: 2
  m_FOVAxisMode: 0
  m_SensorSize: {x: 36, y: 24}
  m_LensShift: {x: 0, y: 0}
  m_FocalLength: 50
  m_NormalizedViewPortRect:
    serializedVersion: 2
    x: 0
    y: 0
    width: 1
    height: 1
  near clip plane: 0.3
  far clip plane: 2000
  field of view: 70
  orthographic: 0
  orthographic size: 5
  m_Depth: -1
  m_CullingMask:
    serializedVersion: 2
    m_Bits: 4294967295
  m_RenderingPath: 1
  m_TargetTexture: {fileID: 0}
  m_TargetDisplay: 0
  m_TargetEye: 3
  m_HDR: 1
  m_AllowMSAA: 0
  m_AllowDynamicResolution: 0
  m_ForceIntoRT: 0
  m_OcclusionCulling: 1
  m_StereoConvergence: 10
  m_StereoSeparation: 0.022
--- !u!124 &3366088938375611525
Behaviour:
  m_ObjectHideFlags: 0
  m_CorrespondingSourceObject: {fileID: 0}
  m_PrefabInstance: {fileID: 0}
  m_PrefabAsset: {fileID: 0}
  m_GameObject: {fileID: 3366088938375611532}
  m_Enabled: 1
--- !u!81 &3366088938375611524
AudioListener:
  m_ObjectHideFlags: 0
  m_CorrespondingSourceObject: {fileID: 0}
  m_PrefabInstance: {fileID: 0}
  m_PrefabAsset: {fileID: 0}
  m_GameObject: {fileID: 3366088938375611532}
  m_Enabled: 1
--- !u!114 &3366088938375611521
MonoBehaviour:
  m_ObjectHideFlags: 0
  m_CorrespondingSourceObject: {fileID: 0}
  m_PrefabInstance: {fileID: 0}
  m_PrefabAsset: {fileID: 0}
  m_GameObject: {fileID: 3366088938375611532}
  m_Enabled: 1
  m_EditorHideFlags: 0
  m_Script: {fileID: 11500000, guid: 76b5ec6153a1d55438228df10fe66844, type: 3}
  m_Name: 
  m_EditorClassIdentifier: 
  distanceFog: 1
  excludeFarPixels: 1
  useRadialDistance: 1
  heightFog: 0
  height: 40
  heightDensity: 1.1
  startDistance: 0
  fogShader: {fileID: 4800000, guid: 70d8568987ac0499f952b54c7c13e265, type: 3}
--- !u!114 &3366088938375611547
MonoBehaviour:
  m_ObjectHideFlags: 0
  m_CorrespondingSourceObject: {fileID: 0}
  m_PrefabInstance: {fileID: 0}
  m_PrefabAsset: {fileID: 0}
  m_GameObject: {fileID: 3366088938375611532}
  m_Enabled: 1
  m_EditorHideFlags: 0
  m_Script: {fileID: 11500000, guid: 646b5bc27a658f447b1d929fd5ffbd70, type: 3}
  m_Name: 
  m_EditorClassIdentifier: 
  mode: 0
  showGeneratedNormals: 0
  offsetScale: 0.2
  blurRadius: 18
  edgeThresholdMin: 0.05
  edgeThreshold: 0.2
  edgeSharpness: 4
  dlaaSharp: 0
  ssaaShader: {fileID: 4800000, guid: b3728d1488b02490cbd196c7941bf1f8, type: 3}
  dlaaShader: {fileID: 4800000, guid: 017ca72b9e8a749058d13ebd527e98fa, type: 3}
  nfaaShader: {fileID: 4800000, guid: ce0cb2621f6d84e21a87414e471a3cce, type: 3}
  shaderFXAAPreset2: {fileID: 4800000, guid: 6f1418cffd12146f2a83be795f6fa5a7, type: 3}
  shaderFXAAPreset3: {fileID: 4800000, guid: c182fa94a5a0a4c02870641efcd38cd5, type: 3}
  shaderFXAAII: {fileID: 4800000, guid: cd5b323dcc592457790ff18b528f5e67, type: 3}
  shaderFXAAIII: {fileID: 4800000, guid: c547503fff0e8482ea5793727057041c, type: 3}
--- !u!114 &3366088938375611523
MonoBehaviour:
  m_ObjectHideFlags: 0
  m_CorrespondingSourceObject: {fileID: 0}
  m_PrefabInstance: {fileID: 0}
  m_PrefabAsset: {fileID: 0}
  m_GameObject: {fileID: 3366088938375611532}
  m_Enabled: 1
  m_EditorHideFlags: 0
  m_Script: {fileID: 11500000, guid: 8cde8c0fd649d9b46bb403ba5e157391, type: 3}
  m_Name: 
  m_EditorClassIdentifier: 
  shader: {fileID: 4800000, guid: b61f0d8d8244b4b28aa66b0c8cb46a8d, type: 3}
  converted3DLut: {fileID: 0}
  basedOnTempTex: Assets/#NVJOB Boids/Example Scenes/Color Profile/Bird.png
--- !u!114 &3366088938375611522
MonoBehaviour:
  m_ObjectHideFlags: 0
  m_CorrespondingSourceObject: {fileID: 0}
  m_PrefabInstance: {fileID: 0}
  m_PrefabAsset: {fileID: 0}
  m_GameObject: {fileID: 3366088938375611532}
  m_Enabled: 1
  m_EditorHideFlags: 0
  m_Script: {fileID: 11500000, guid: 02536f33053638549ab5c50ff3ecc0de, type: 3}
  m_Name: 
  m_EditorClassIdentifier: 
  tweakMode: 0
  screenBlendMode: 1
  hdr: 1
  sepBlurSpread: 5
  useSrcAlphaAsMask: 0
  bloomIntensity: 1.1
  bloomThreshold: 0.55
  bloomBlurIterations: 3
  lensflares: 0
  hollywoodFlareBlurIterations: 2
  lensflareMode: 1
  hollyStretchWidth: 3.5
  lensflareIntensity: 1
  lensflareThreshold: 0.3
  flareColorA: {r: 0.4, g: 0.4, b: 0.8, a: 0.75}
  flareColorB: {r: 0.4, g: 0.8, b: 0.8, a: 0.75}
  flareColorC: {r: 0.8, g: 0.4, b: 0.8, a: 0.75}
  flareColorD: {r: 0.8, g: 0.4, b: 0, a: 0.75}
  lensFlareVignetteMask: {fileID: 2800000, guid: 95ef4804fe0be4c999ddaa383536cde8, type: 3}
  lensFlareShader: {fileID: 4800000, guid: 459fe69d2f6d74ddb92f04dbf45a866b, type: 3}
  vignetteShader: {fileID: 4800000, guid: 627943dc7a9a74286b70a4f694a0acd5, type: 3}
  separableBlurShader: {fileID: 4800000, guid: a9df009a214e24a5ebbf271595f8d5b6, type: 3}
  addBrightStuffOneOneShader: {fileID: 4800000, guid: f7898d203e9b94c0dbe2bf9dd5cb32c0, type: 3}
  screenBlendShader: {fileID: 4800000, guid: 53b3960ee3d3d4a5caa8d5473d120187, type: 3}
  hollywoodFlaresShader: {fileID: 4800000, guid: e2baf3cae8edc4daf94c9adc2154be00, type: 3}
  brightPassFilterShader: {fileID: 4800000, guid: 186c4c0d31e314f049595dcbaf4ca129, type: 3}
--- !u!114 &3366088938375611520
MonoBehaviour:
  m_ObjectHideFlags: 0
  m_CorrespondingSourceObject: {fileID: 0}
  m_PrefabInstance: {fileID: 0}
  m_PrefabAsset: {fileID: 0}
  m_GameObject: {fileID: 3366088938375611532}
  m_Enabled: 1
  m_EditorHideFlags: 0
  m_Script: {fileID: 11500000, guid: dd6d4281e5d7cd44d8c6e38bc2c1b8d8, type: 3}
  m_Name: 
  m_EditorClassIdentifier: 
  mode: 0
  intensity: 0.25
  chromaticAberration: 4
  axialAberration: 0.5
  blur: 0
  blurSpread: 0.75
  luminanceDependency: 0.25
  blurDistance: 2.5
  vignetteShader: {fileID: 4800000, guid: 627943dc7a9a74286b70a4f694a0acd5, type: 3}
  separableBlurShader: {fileID: 4800000, guid: e97c14fbb5ea04c3a902cc533d7fc5d1, type: 3}
  chromAberrationShader: {fileID: 4800000, guid: 2b4f29398d9484ccfa9fd220449f5eee, type: 3}
--- !u!1 &3366088939032584308
GameObject:
  m_ObjectHideFlags: 0
  m_CorrespondingSourceObject: {fileID: 0}
  m_PrefabInstance: {fileID: 0}
  m_PrefabAsset: {fileID: 0}
  serializedVersion: 6
  m_Component:
  - component: {fileID: 3366088939032584202}
  - component: {fileID: 3366088939032584309}
  m_Layer: 0
  m_Name: Camera Rig
  m_TagString: Untagged
  m_Icon: {fileID: 0}
  m_NavMeshLayer: 0
  m_StaticEditorFlags: 0
  m_IsActive: 1
--- !u!4 &3366088939032584202
Transform:
  m_ObjectHideFlags: 0
  m_CorrespondingSourceObject: {fileID: 0}
  m_PrefabInstance: {fileID: 0}
  m_PrefabAsset: {fileID: 0}
  m_GameObject: {fileID: 3366088939032584308}
  m_LocalRotation: {x: 0, y: 0.94608533, z: -0, w: -0.32391748}
  m_LocalPosition: {x: 0, y: 85, z: 0}
  m_LocalScale: {x: 3, y: 3, z: 3}
  m_Children:
  - {fileID: 3366088938375611533}
  m_Father: {fileID: 8899601416090548511}
  m_RootOrder: 3
  m_LocalEulerAnglesHint: {x: 0, y: 217.8, z: 0}
--- !u!114 &3366088939032584309
MonoBehaviour:
  m_ObjectHideFlags: 0
  m_CorrespondingSourceObject: {fileID: 0}
  m_PrefabInstance: {fileID: 0}
  m_PrefabAsset: {fileID: 0}
  m_GameObject: {fileID: 3366088939032584308}
  m_Enabled: 1
  m_EditorHideFlags: 0
  m_Script: {fileID: 11500000, guid: 723f86eb74237a04cb24cb210a1e99b8, type: 3}
  m_Name: 
  m_EditorClassIdentifier: 
  rotationSpeed: 100
  mouseVerticaleClamp: {x: -10, y: 30}
  smoothMouse: 0.8
  liftOn: 1
  liftClamp: {x: -5, y: 25}
  smoothLift: 0.5
  camTransform: {fileID: 3366088938375611533}
  camClamp: {x: -25, y: 50}
  smoothCam: 1
--- !u!1 &4403455153963029901
GameObject:
  m_ObjectHideFlags: 0
  m_CorrespondingSourceObject: {fileID: 0}
  m_PrefabInstance: {fileID: 0}
  m_PrefabAsset: {fileID: 0}
  serializedVersion: 6
  m_Component:
  - component: {fileID: 8899601416090548511}
  m_Layer: 0
  m_Name: Desert
  m_TagString: Untagged
  m_Icon: {fileID: 0}
  m_NavMeshLayer: 0
  m_StaticEditorFlags: 0
  m_IsActive: 1
--- !u!4 &8899601416090548511
Transform:
  m_ObjectHideFlags: 0
  m_CorrespondingSourceObject: {fileID: 0}
  m_PrefabInstance: {fileID: 0}
  m_PrefabAsset: {fileID: 0}
  m_GameObject: {fileID: 4403455153963029901}
  m_LocalRotation: {x: 0, y: 0, z: 0, w: 1}
  m_LocalPosition: {x: 0, y: 0, z: 0}
  m_LocalScale: {x: 1, y: 1, z: 1}
  m_Children:
  - {fileID: 3366088938248567761}
  - {fileID: 8987577990510179538}
  - {fileID: 7767711827612845993}
  - {fileID: 3366088939032584202}
  m_Father: {fileID: 0}
  m_RootOrder: 0
  m_LocalEulerAnglesHint: {x: 0, y: 0, z: 0}
--- !u!1001 &3566604610683930255
PrefabInstance:
  m_ObjectHideFlags: 0
  serializedVersion: 2
  m_Modification:
    m_TransformParent: {fileID: 8899601416090548511}
    m_Modifications:
    - target: {fileID: 5603979247659807322, guid: 8a12c745772ba924e85f705bd8ba1b74, type: 3}
      propertyPath: m_Name
      value: Dynamic Sky
      objectReference: {fileID: 0}
    - target: {fileID: 5603979247659807324, guid: 8a12c745772ba924e85f705bd8ba1b74, type: 3}
      propertyPath: player
      value: 
      objectReference: {fileID: 3366088939032584202}
    - target: {fileID: 5603979247659807325, guid: 8a12c745772ba924e85f705bd8ba1b74, type: 3}
      propertyPath: m_LocalPosition.x
      value: 0
      objectReference: {fileID: 0}
    - target: {fileID: 5603979247659807325, guid: 8a12c745772ba924e85f705bd8ba1b74, type: 3}
      propertyPath: m_LocalPosition.y
      value: 5
      objectReference: {fileID: 0}
    - target: {fileID: 5603979247659807325, guid: 8a12c745772ba924e85f705bd8ba1b74, type: 3}
      propertyPath: m_LocalPosition.z
      value: 0
      objectReference: {fileID: 0}
    - target: {fileID: 5603979247659807325, guid: 8a12c745772ba924e85f705bd8ba1b74, type: 3}
      propertyPath: m_LocalRotation.x
      value: -0
      objectReference: {fileID: 0}
    - target: {fileID: 5603979247659807325, guid: 8a12c745772ba924e85f705bd8ba1b74, type: 3}
      propertyPath: m_LocalRotation.y
      value: -0
      objectReference: {fileID: 0}
    - target: {fileID: 5603979247659807325, guid: 8a12c745772ba924e85f705bd8ba1b74, type: 3}
      propertyPath: m_LocalRotation.z
      value: -0
      objectReference: {fileID: 0}
    - target: {fileID: 5603979247659807325, guid: 8a12c745772ba924e85f705bd8ba1b74, type: 3}
      propertyPath: m_LocalRotation.w
      value: 1
      objectReference: {fileID: 0}
    - target: {fileID: 5603979247659807325, guid: 8a12c745772ba924e85f705bd8ba1b74, type: 3}
      propertyPath: m_RootOrder
      value: 1
      objectReference: {fileID: 0}
    - target: {fileID: 5603979247659807325, guid: 8a12c745772ba924e85f705bd8ba1b74, type: 3}
      propertyPath: m_LocalEulerAnglesHint.x
      value: 0
      objectReference: {fileID: 0}
    - target: {fileID: 5603979247659807325, guid: 8a12c745772ba924e85f705bd8ba1b74, type: 3}
      propertyPath: m_LocalEulerAnglesHint.y
      value: 0
      objectReference: {fileID: 0}
    - target: {fileID: 5603979247659807325, guid: 8a12c745772ba924e85f705bd8ba1b74, type: 3}
      propertyPath: m_LocalEulerAnglesHint.z
      value: 0
      objectReference: {fileID: 0}
    m_RemovedComponents: []
  m_SourcePrefab: {fileID: 100100000, guid: 8a12c745772ba924e85f705bd8ba1b74, type: 3}
--- !u!4 &8987577990510179538 stripped
Transform:
  m_CorrespondingSourceObject: {fileID: 5603979247659807325, guid: 8a12c745772ba924e85f705bd8ba1b74, type: 3}
  m_PrefabInstance: {fileID: 3566604610683930255}
  m_PrefabAsset: {fileID: 0}
--- !u!1001 &5369560719228943620
PrefabInstance:
  m_ObjectHideFlags: 0
  serializedVersion: 2
  m_Modification:
    m_TransformParent: {fileID: 8899601416090548511}
    m_Modifications:
    - target: {fileID: 1662864131308914878, guid: caed3e9458583244596c5bd13b33c569, type: 3}
      propertyPath: m_Name
      value: Sand
      objectReference: {fileID: 0}
    - target: {fileID: 2398439235376839341, guid: caed3e9458583244596c5bd13b33c569, type: 3}
      propertyPath: m_LocalPosition.x
      value: 0
      objectReference: {fileID: 0}
    - target: {fileID: 2398439235376839341, guid: caed3e9458583244596c5bd13b33c569, type: 3}
      propertyPath: m_LocalPosition.y
      value: -28
      objectReference: {fileID: 0}
    - target: {fileID: 2398439235376839341, guid: caed3e9458583244596c5bd13b33c569, type: 3}
      propertyPath: m_LocalPosition.z
      value: 0
      objectReference: {fileID: 0}
    - target: {fileID: 2398439235376839341, guid: caed3e9458583244596c5bd13b33c569, type: 3}
      propertyPath: m_LocalRotation.x
      value: -0.7071068
      objectReference: {fileID: 0}
    - target: {fileID: 2398439235376839341, guid: caed3e9458583244596c5bd13b33c569, type: 3}
      propertyPath: m_LocalRotation.y
      value: -0
      objectReference: {fileID: 0}
    - target: {fileID: 2398439235376839341, guid: caed3e9458583244596c5bd13b33c569, type: 3}
      propertyPath: m_LocalRotation.z
      value: -0
      objectReference: {fileID: 0}
    - target: {fileID: 2398439235376839341, guid: caed3e9458583244596c5bd13b33c569, type: 3}
      propertyPath: m_LocalRotation.w
      value: 0.7071067
      objectReference: {fileID: 0}
    - target: {fileID: 2398439235376839341, guid: caed3e9458583244596c5bd13b33c569, type: 3}
      propertyPath: m_RootOrder
      value: 2
      objectReference: {fileID: 0}
    - target: {fileID: 2398439235376839341, guid: caed3e9458583244596c5bd13b33c569, type: 3}
      propertyPath: m_LocalEulerAnglesHint.x
      value: 0
      objectReference: {fileID: 0}
    - target: {fileID: 2398439235376839341, guid: caed3e9458583244596c5bd13b33c569, type: 3}
      propertyPath: m_LocalEulerAnglesHint.y
      value: 0
      objectReference: {fileID: 0}
    - target: {fileID: 2398439235376839341, guid: caed3e9458583244596c5bd13b33c569, type: 3}
      propertyPath: m_LocalEulerAnglesHint.z
      value: 0
      objectReference: {fileID: 0}
    - target: {fileID: 2398439235376839341, guid: caed3e9458583244596c5bd13b33c569, type: 3}
      propertyPath: m_LocalScale.z
      value: 599.99994
      objectReference: {fileID: 0}
    m_RemovedComponents: []
  m_SourcePrefab: {fileID: 100100000, guid: caed3e9458583244596c5bd13b33c569, type: 3}
--- !u!4 &7767711827612845993 stripped
Transform:
  m_CorrespondingSourceObject: {fileID: 2398439235376839341, guid: caed3e9458583244596c5bd13b33c569, type: 3}
  m_PrefabInstance: {fileID: 5369560719228943620}
  m_PrefabAsset: {fileID: 0}
